<?xml version="1.0" encoding="UTF-8"?><collection xmlns="http://www.loc.gov/MARC21/slim"><record><leader>00469nam--2200169-i-4500</leader><controlfield tag="001">000043096</controlfield><controlfield tag="002">20161230</controlfield><controlfield tag="005">20161230201043</controlfield><controlfield tag="008">060222s1000------------r-----000-0-eng-d</controlfield><datafield ind1=" " ind2=" " tag="040"><subfield code="a">IFIN-HH</subfield></datafield><datafield ind1=" " ind2=" " tag="080"><subfield code="a">539.12.01</subfield></datafield><datafield ind1="1" ind2=" " tag="100"><subfield code="a">Sugawara,Masao</subfield></datafield><datafield ind1="1" ind2="0" tag="245"><subfield code="a">Lectures on dispersiion theory</subfield><subfield code="c">Masao sugawara</subfield></datafield><datafield ind1=" " ind2=" " tag="260"><subfield code="a">Helsinki,,1965. 108 P</subfield><subfield code="b">Research Institute For Theretical Physics</subfield><subfield code="c">1965</subfield></datafield><datafield ind1=" " ind2=" " tag="300"><subfield code="a">108P</subfield></datafield><datafield ind1=" " ind2=" " tag="852"><subfield code="a">22994</subfield><subfield code="c">539.12</subfield></datafield><datafield ind1=" " ind2=" " tag="CAT"><subfield code="a">Sys</subfield><subfield code="c">20111104</subfield><subfield code="h">121731</subfield></datafield></record></collection>